@Article{Johnson2019,
author="Kenneth A. Johnson",
title="New standards for collecting and fitting steady state kinetic data",
journal="Beilstein Journal of Organic Chemistry",
year="2019",
volume="15",
pages="16-29",
issn="1860-5397",
doi="10.3762/bjoc.15.2",
copyright="Johnson; licensee Beilstein-Institut",
publisher="Beilstein-Institut",
URL="https://doi.org/10.3762/bjoc.15.2",
keywords="computer simulation; data fitting; enzyme catalysis; induced-fit; Michaelis constant; specificity constant",
abstract="The Michaelis–Menten equation is usually expressed in terms of kcat and Km values: v = kcat[S]/(Km + [S]). However, it is impossible to interpret Km in the absence of additional information, while the ratio of kcat/Km provides a measure of enzyme specificity and is proportional to enzyme efficiency and proficiency. Moreover, kcat/Km provides a lower limit on the second order rate constant for substrate binding. For these reasons it is better to redefine the Michaelis–Menten equation in terms of kcat and kcat/Km values: v = kSP[S]/(1 + kSP[S]/kcat), where the specificity constant, kSP = kcat/Km. In this short review, the rationale for this assertion is explained and it is shown that more accurate measurements of kcat/Km can be derived directly using the modified form of the Michaelis–Menten equation rather than calculated from the ratio of kcat and Km values measured separately. Even greater accuracy is achieved with fitting the raw data directly by numerical integration of the rate equations rather than using analytically derived equations. The importance of fitting to derive kcat and kcat/Km is illustrated by considering the role of conformational changes in enzyme specificity where kcat and kcat/Km can reflect different steps in the pathway. This highlights the pitfalls in attempting to interpret Km, which is best understood as the ratio of kcat divided by kcat/Km.",
}

@Article{Michaelis1913,
author="L. Michaelis and M. L. Menten",
journal="Biochem. Z.",
year="1913",
volume="49",
pages="333-369",
}

@Article{Johnson2011,
author="K. A. Johnson and R. S. Goody",
journal="Biochemistry",
year="2011",
volume="50",
pages="8264-8269",
doi="10.1021/bi201284u",
}

@Article{Briggs1925,
author="G. E. Briggs and J. B. S. Haldane",
journal="Biochem. J.",
year="1925",
volume="19",
number="2",
pages="338-339",
doi="10.1042/bj0190338",
}

@Article{Miller2002,
author="B. G. Miller and R. Wolfenden",
journal="Annu. Rev. Biochem.",
year="2002",
volume="71",
pages="847-885",
doi="10.1146/annurev.biochem.71.110601.135446",
}

@Book{Fersht1999,
author="A. R. Fersht",
booktitle="Enzyme Structure and Mechanism",
year="1999",
publisher="Freeman, New York",
edition="3",
}

@Inbook{Cleland1970,
author="W. W. Cleland",
title="Steady State Kinetics",
booktitle="The Enzymes",
year="1970",
pages="1-65",
doi="10.1016/s1874-6047(08)60180-8",
publisher="Elsevier",
editor="P. D. Boyer",
}

@Article{Lineweaver1934,
author="H. Lineweaver and D. Burk",
journal="J. Am. Chem. Soc.",
year="1934",
volume="56",
pages="658-666",
doi="10.1021/ja01318a036",
}

@Article{Cleland1963,
author="W. W. Cleland",
journal="Nature",
year="1963",
volume="198",
pages="463-465",
doi="10.1038/198463a0",
}

@Article{Johnson2009,
author="K. A. Johnson and Z. B. Simpson and T. Blom",
journal="Anal. Biochem.",
year="2009",
volume="387",
pages="20-29",
doi="10.1016/j.ab.2008.12.024",
}

@Article{Johnson2009,
author="K. A. Johnson and Z. B. Simpson and T. Blom",
journal="Anal. Biochem.",
year="2009",
volume="387",
pages="30-41",
doi="10.1016/j.ab.2008.12.025",
}

@Article{Johnson2009,
author="K. A. Johnson",
journal="Methods Enzymol.",
year="2009",
volume="467",
pages="601-626",
doi="10.1016/s0076-6879(09)67023-3",
}

@Article{Cleland1967,
author="W. W. Cleland",
journal="Adv. Enzymol. Relat. Areas Mol. Biol.",
year="1967",
volume="29",
pages="1-32",
}

@Article{Qian2017,
author="Y. Qian and K. A. Johnson",
journal="J. Biol. Chem.",
year="2017",
volume="292",
pages="13068-13084",
doi="10.1074/jbc.m117.791392",
}

@Article{Anderson1988,
author="K. S. Anderson and J. A. Sikorski and K. A. Johnson",
journal="Biochemistry",
year="1988",
volume="27",
pages="1604-1610",
doi="10.1021/bi00405a032",
}

@Article{Johnson1995,
author="K. A. Johnson",
journal="Methods Enzymol.",
year="1995",
volume="249",
pages="38-61",
doi="10.1016/0076-6879(95)49030-2",
}

@Article{Lahiri2004,
author="S. D. Lahiri and G. Zhang and J. Dai and D. Dunaway-Mariano and K. N. Allen",
journal="Biochemistry",
year="2004",
volume="43",
pages="2812-2820",
doi="10.1021/bi0356810",
}

@Article{Zhang2002,
author="G. Zhang and A. S. Mazurkie and D. Dunaway-Mariano and K. N. Allen",
journal="Biochemistry",
year="2002",
volume="41",
pages="13370-13377",
doi="10.1021/bi026388n",
}

@Inbook{Koshland1959,
author="D. E. Koshland",
booktitle="The Enzymes",
year="1959",
pages="305-346",
publisher="Academic, New York",
editor="P. D. Boyer and H. Lardy and K. Myrback",
}

@Article{Ram Prasad2012,
author="B. Ram Prasad and S. C. L. Kamerlin and J. Florián and A. Warshel",
journal="Theor. Chem. Acc.",
year="2012",
volume="131",
number="12",
pages="1288",
doi="10.1007/s00214-012-1288-6",
}

@Article{Tsai2006,
author="Y.-C. Tsai and K. A. Johnson",
journal="Biochemistry",
year="2006",
volume="45",
number="32",
pages="9675-9687",
doi="10.1021/bi060993z",
}

@Article{Kellinger2010,
author="M. W. Kellinger and K. A. Johnson",
journal="Proc. Natl. Acad. Sci. U. S. A.",
year="2010",
volume="107",
pages="7734-7739",
doi="10.1073/pnas.0913946107",
}

@Article{Herschlag1988,
author="D. Herschlag",
journal="Bioorg. Chem.",
year="1988",
volume="16",
pages="62-96",
doi="10.1016/0045-2068(88)90038-7",
}

@Article{Kirmizialtin2012,
author="S. Kirmizialtin and V. Nguyen and K. A. Johnson and R. Elber",
journal="Structure",
year="2012",
volume="20",
pages="618-627",
doi="10.1016/j.str.2012.02.018",
}

@Article{Kirmizialtin2015,
author="S. Kirmizialtin and K. A. Johnson and R. Elber",
journal="J. Phys. Chem. B",
year="2015",
volume="119",
pages="11513-11526",
doi="10.1021/acs.jpcb.5b05467",
}

